@book{inferno,
	author = {Dante Alighieri and Stanley Lombardo and Steven Botterill},
	date-added = {2023-12-04 00:35:18 -0800},
	date-modified = {2023-12-04 00:38:32 -0800},
	edition = {Reprint},
	editor = {Anthony Oldcorn},
	publisher = {Hackett Classics},
	title = {Dante: Inferno, Translated by Stanley Lombardo},
	year = {2009}}
