@book{melissinosExperimentsModernPhysics,
  title = {Experiments in {{Modern Physics}}},
  author = {Melissinos, Adrian},
  file = {/Users/eric/Zotero/storage/H2JHBWII/SHE_Melissinos_properties_of_semiconductors_pg_80-98_1966.pdf}
}

@book{neamenSemiconductorPhysicsDevices2012b,
  title = {Semiconductor Physics and Devices: Basic Principles},
  shorttitle = {Semiconductor Physics and Devices},
  author = {Neamen, Donald A.},
  date = {2012},
  edition = {4. ed},
  publisher = {McGraw-Hill},
  location = {New York, NY},
  isbn = {978-0-07-352958-5},
  langid = {english},
  pagetotal = {758},
  file = {/Users/eric/Zotero/storage/745X8LR4/Neamen - 2012 - Semiconductor physics and devices basic principle.pdf}
}

@misc{physics111b:advancedexperimentationlaboratorySemiconductorHallEffect,
  title = {Semiconductor {{Hall Effect}}},
  author = {{Physics 111B: Advanced Experimentation Laboratory}},
  url = {http://experimentationlab.berkeley.edu/sites/default/files/writeups/SHE_Manual_2024-05-03.pdf},
  file = {/Users/eric/Zotero/storage/EGXL7WP2/SHE_Manual_2024-05-03.pdf}
}

@article{vanderpauwMethodMeasuringSpecific1958,
  title = {A {{Method}} of {{Measuring Specific Resistivity}} and {{Hall Effect}} of {{Discs}} of {{Arbitrary Shape}}},
  author = {family=Pauw, given=Leo, prefix=van der, useprefix=true},
  date = {1958},
  journaltitle = {Philips Research Report},
  volume = {13},
  pages = {1--9},
  url = {https://experimentationlab.berkeley.edu/sites/default/files/SHE/References/01-Measuring_Discs.pdf}
}
