@online{aartsenNeutrinoAstronomyNext2019,
  title = {Neutrino Astronomy with the next Generation {{IceCube Neutrino Observatory}}},
  author = {Aartsen, M. G. and Ackermann, M. and Adams, J. and Aguilar, J. A. and Ahlers, M. and Ahrens, M. and Alispach, C. and Andeen, K. and Anderson, T. and Ansseau, I. and Anton, G. and Argüelles, C. and Arlen, T. C. and Auffenberg, J. and Axani, S. and Backes, P. and Bagherpour, H. and Bai, X. and V., A. Balagopal and Barbano, A. and Bartos, I. and Bastian, B. and Baum, V. and Baur, S. and Bay, R. and Beatty, J. J. and Becker, K.-H. and Tjus, J. Becker and BenZvi, S. and Berley, D. and Bernardini, E. and Besson, D. Z. and Binder, G. and Bindig, D. and Blaufuss, E. and Blot, S. and Bohm, C. and Bohmer, M. and Börner, M. and Böser, S. and Botner, O. and Böttcher, J. and Bourbeau, E. and Bourbeau, J. and Bradascio, F. and Braun, J. and Bron, S. and Brostean-Kaiser, J. and Burgman, A. and Buscher, J. and Busse, R. S. and Bustamante, M. and Carver, T. and Chen, C. and Chen, P. and Cheung, E. and Chirkin, D. and Clark, B. and Clark, K. and Classen, L. and Coleman, A. and Collin, G. H. and Connolly, A. and Conrad, J. M. and Coppin, P. and Correa, P. and Cowen, D. F. and Cross, R. and Dave, P. and Deaconu, C. and family=André, given=J. P. A. M., prefix=de, useprefix=true and De Clercq, C. and DeKockere, S. and DeLaunay, J. J. and Dembinski, H. and Deoskar, K. and De Ridder, S. and Desiati, P. and family=Vries, given=K. D., prefix=de, useprefix=true and family=Wasseige, given=G., prefix=de, useprefix=true and family=With, given=M., prefix=de, useprefix=true and DeYoung, T. and Diaz, A. and Díaz-Vélez, J. C. and Dujmovic, H. and Dunkman, M. and DuVernois, M. A. and Dvorak, E. and Eberhardt, B. and Ehrhardt, T. and Eller, P. and Engel, R. and Evans, J. J. and Evenson, P. A. and Fahey, S. and Farrag, K. and Fazely, A. R. and Felde, J. and Filimonov, K. and Finley, C. and Franckowiak, A. and Friedman, E. and Fritz, A. and Gaisser, T. K. and Gallagher, J. and Ganster, E. and Garcia-Fernandez, D. and Garrappa, S. and Gartner, A. and Gerhardt, L. and Gernhaeuser, R. and Ghorbani, K. and Glauch, T. and Glüsenkamp, T. and Goldschmidt, A. and Gonzalez, J. G. and Grant, D. and Griffith, Z. and Günder, M. and Gündüz, M. and Haack, C. and Hallgren, A. and Halve, L. and Halzen, F. and Hanson, K. and Haugen, J. and Haungs, A. and Hebecker, D. and Heereman, D. and Heix, P. and Helbing, K. and Hellauer, R. and Henningsen, F. and Hickford, S. and Hignight, J. and Hill, G. C. and Hoffman, K. D. and Hoffmann, B. and Hoffmann, R. and Hoinka, T. and Hokanson-Fasig, B. and Holzapfel, K. and Hoshina, K. and Huang, F. and Huber, M. and Huber, T. and Huege, T. and Hughes, K. and Hultqvist, K. and Hünnefeld, M. and Hussain, R. and In, S. and Iovine, N. and Ishihara, A. and Japaridze, G. S. and Jeong, M. and Jero, K. and Jones, B. J. P. and Jonske, F. and Joppe, R. and Kalekin, O. and Kang, D. and Kang, W. and Kappes, A. and Kappesser, D. and Karg, T. and Karl, M. and Karle, A. and Katori, T. and Katz, U. and Kauer, M. and Keivani, A. and Kelley, J. L. and Kheirandish, A. and Kim, J. and Kintscher, T. and Kiryluk, J. and Kittler, T. and Klein, S. R. and Koirala, R. and Kolanoski, H. and Köpke, L. and Kopper, C. and Kopper, S. and Koskinen, D. J. and Kowalski, M. and Krauss, C. B. and Krings, K. and Krückl, G. and Kulacz, N. and Kurahashi, N. and Kyriacou, A. and Labare, M. and Lanfranchi, J. L. and Larson, M. J. and Latif, U. and Lauber, F. and Lazar, J. P. and Leonard, K. and Leszczynska, A. and Leuermann, M. and Liu, Q. R. and Lohfink, E. and LoSecco, J. and Mariscal, C. J. Lozano and Lu, L. and Lucarelli, F. and Lünemann, J. and Luszczak, W. and Lyu, Y. and Ma, W. Y. and Madsen, J. and Maggi, G. and Mahn, K. B. M. and Makino, Y. and Mallik, P. and Mallot, K. and Mancina, S. and Mandalia, S. and Maris, I. C. and Marka, S. and Marka, Z. and Maruyama, R. and Mase, K. and Maunu, R. and McNally, F. and Meagher, K. and Medici, M. and Medina, A. and Meier, M. and Meighen-Berger, S. and Menne, T. and Merino, G. and Meures, T. and Micallef, J. and Momenté, G. and Montaruli, T. and Moore, R. W. and Morse, R. and Moulai, M. and Muth, P. and Nagai, R. and Nam, J. and Naumann, U. and Neer, G. and Nelles, A. and Niederhausen, H. and Nowicki, S. C. and Nygren, D. R. and Pollmann, A. Obertacke and Oehler, M. and Olivas, A. and O'Murchadha, A. and O'Sullivan, E. and Palczewski, T. and Pandya, H. and Pankova, D. V. and Papp, L. and Park, N. and Peiffer, P. and family=Heros, given=C. Pérez, prefix=de los, useprefix=false and Petersen, T. C. and Philippen, S. and Pieloth, D. and Pinat, E. and Pinfold, J. L. and Pizzuto, A. and Plaisier, I. and Plum, M. and Porcelli, A. and Price, P. B. and Przybylski, G. T. and Raab, C. and Raissi, A. and Rameez, M. and Rauch, L. and Rawlins, K. and Rea, I. C. and Reimann, R. and Relethford, B. and Renschler, M. and Renzi, G. and Resconi, E. and Rhode, W. and Richman, M. and Riegel, M. and Robertson, S. and Rongen, M. and Rott, C. and Ruhe, T. and Ryckbosch, D. and Rysewyk, D. and Safa, I. and Herrera, S. E. Sanchez and Sandrock, A. and Sandroos, J. and Sandstrom, P. and Santander, M. and Sarkar, S. and Sarkar, S. and Satalecka, K. and Schaufel, M. and Schieler, H. and Schlunder, P. and Schmidt, T. and Schneider, A. and Schneider, J. and Schröder, F. G. and Schumacher, L. and Sclafani, S. and Seckel, D. and Seunarine, S. and Shaevitz, M. H. and Shefali, S. and Silva, M. and Smith, D. and Snihur, R. and Soedingrekso, J. and Soldin, D. and Söldner-Rembold, S. and Song, M. and Southall, D. and Spiczak, G. M. and Spiering, C. and Stachurska, J. and Stamatikos, M. and Stanev, T. and Stein, R. and Steinmüller, P. and Stettner, J. and Steuer, A. and Stezelberger, T. and Stokstad, R. G. and Stößl, A. and Strotjohann, N. L. and Stürwald, T. and Stuttard, T. and Sullivan, G. W. and Taboada, I. and Taketa, A. and Tanaka, H. K. M. and Tenholt, F. and Ter-Antonyan, S. and Terliuk, A. and Tilav, S. and Tomankova, L. and Tönnis, C. and Torres, J. and Toscano, S. and Tosi, D. and Trettin, A. and Tselengidou, M. and Tung, C. F. and Turcati, A. and Turcotte, R. and Turley, C. F. and Ty, B. and Unger, E. and Elorrieta, M. A. Unland and Usner, M. and Vandenbroucke, J. and Van Driessche, W. and family=Eijk, given=D., prefix=van, useprefix=true and family=Eijndhoven, given=N., prefix=van, useprefix=true and Vanheule, S. and Vieregg, A. and family=Santen, given=J., prefix=van, useprefix=true and Veberic, D. and Vraeghe, M. and Walck, C. and Wallace, A. and Wallraff, M. and Wandkowsky, N. and Watson, T. B. and Weaver, C. and Weindl, A. and Weiss, M. J. and Weldert, J. and Welling, C. and Wendt, C. and Werthebach, J. and Whelan, B. J. and Whitehorn, N. and Wiebe, K. and Wiebusch, C. H. and Wille, L. and Williams, D. R. and Wills, L. and Wissel, S. and Wolf, M. and Wood, J. and Wood, T. R. and Woschnagg, K. and Wrede, G. and Wren, S. and Xu, D. L. and Xu, X. W. and Xu, Y. and Yanez, J. P. and Yodh, G. and Yoshida, S. and Yuan, T. and Zöcklein, M.},
  date = {2019-11-05},
  eprint = {1911.02561},
  eprinttype = {arxiv},
  eprintclass = {astro-ph},
  url = {http://arxiv.org/abs/1911.02561},
  abstract = {The past decade has welcomed the emergence of cosmic neutrinos as a new messenger to explore the most extreme environments of the universe. The discovery measurement of cosmic neutrinos, announced by IceCube in 2013, has opened a new window of observation that has already resulted in new fundamental information that holds the potential to answer key questions associated with the high-energy universe, including: what are the sources in the PeV sky and how do they drive particle acceleration; where are cosmic rays of extreme energies produced, and on which paths do they propagate through the universe; and are there signatures of new physics at TeV-PeV energies and above? The planned advancements in neutrino telescope arrays in the next decade, in conjunction with continued progress in broad multimessenger astrophysics, promise to elevate the cosmic neutrino field from the discovery to the precision era and to a survey of the sources in the neutrino sky. The planned detector upgrades to the IceCube Neutrino Observatory, culminating in IceCube-Gen2 (an envisaged \$400M facility with anticipated operation in the next decade, described in this white paper) are the cornerstone that will drive the evolution of neutrino astrophysics measurements.},
  pubstate = {preprint},
  keywords = {Astrophysics - High Energy Astrophysical Phenomena},
  file = {/Users/eric/Zotero/storage/F8PWQDBN/Aartsen et al_2019_Neutrino astronomy with the next generation IceCube Neutrino Observatory.pdf;/Users/eric/Zotero/storage/YZV96YFQ/1911.html}
}

@article{bahcall10GeVNeutrinos2000,
  title = {5--10 {{GeV Neutrinos}} from {{Gamma-Ray Burst Fireballs}}},
  author = {Bahcall, John N. and Mészáros, Peter},
  date = {2000-08-14},
  journaltitle = {Phys. Rev. Lett.},
  volume = {85},
  number = {7},
  pages = {1362--1365},
  publisher = {{American Physical Society}},
  doi = {10.1103/PhysRevLett.85.1362},
  url = {https://link.aps.org/doi/10.1103/PhysRevLett.85.1362},
  abstract = {A gamma-ray burst fireball is likely to contain an admixture of neutrons. Inelastic collisions between differentially streaming protons and neutrons in the fireball produce νμ (¯νμ) of ∼10GeV as well as νe (¯νe) of ∼5GeV, which could produce ∼7events/year in km3 detectors, if the neutron abundance is comparable to that of protons. Photons of ∼10GeV from π0 decay and ∼100MeV ¯νe from neutron decay are also produced, but will be difficult to detect. Photons with energies ≲1MeV from shocks following neutron decay produce a characteristic signal which may be distinguishable from the proton-related MeV photons.},
  file = {/Users/eric/Zotero/storage/WPIVETYZ/Bahcall_Mészáros_2000_5--10 GeV Neutrinos from Gamma-Ray Burst Fireballs.pdf}
}

@article{gaisserIceCube2014,
  title = {{{IceCube}}},
  author = {Gaisser, Thomas and Halzen, Francis},
  date = {2014},
  journaltitle = {Annual Review of Nuclear and Particle Science},
  volume = {64},
  number = {1},
  pages = {101--123},
  doi = {10.1146/annurev-nucl-102313-025321},
  url = {https://doi.org/10.1146/annurev-nucl-102313-025321},
  abstract = {IceCube is the first kilometer-scale neutrino detector. Built primarily for neutrino astronomy, it has recently discovered events with energies above 100 TeV that are likely to be from distant sources beyond the solar system. Among the events are three with deposited energies of more than 1 PeV, the highest-energy neutrinos ever detected. We review the astrophysical arguments that motivate such a large detector, and we describe how it works and how the high-energy events are reconstructed and identified above the background of atmospheric neutrinos. We also describe the broad range of neutrino physics and particle astrophysics topics addressed by IceCube, as well as its potential for the future.},
  file = {/Users/eric/Zotero/storage/ARV7NIL4/Gaisser_Halzen_2014_IceCube.pdf}
}

@online{IceCube,
  title = {{{IceCube}}},
  url = {https://icecube.wisc.edu/science/icecube/},
  abstract = {Detector IceCube, the South Pole neutrino observatory, is a cubic-kilometer particle detector made of Antarctic ice and located near the Amundsen-Scott South Pole Station. It is buried beneath the surface, extending to a depth of about 2,500 meters. A surface array, IceTop, and a denser inner subdetector, DeepCore, significantly enhance the capabilities of the observatory, ...},
  langid = {american},
  organization = {{IceCube}},
  file = {/Users/eric/Zotero/storage/S59HF4DL/icecube.html}
}

@online{IceCubea,
  title = {Beyond {{IceCube}}},
  url = {https://icecube.wisc.edu/science/beyond/},
  abstract = {IceCube, highly successful and the only cubic-kilometer neutrino detector constructed to date, uses natural ice as a Cherenkov medium. IceCube not only proved it was possible to build such a large scientific facility at the South Pole, the lessons learned from its operation have resulted in an even more optimized and efficient design for the ...},
  langid = {american},
  organization = {{IceCube}},
  file = {/Users/eric/Zotero/storage/WMMS6MFZ/beyond.html}
}

@article{icecubecollaborationIceTopSurfaceComponent2013,
  title = {{{IceTop}}: {{The}} Surface Component of {{IceCube}}},
  shorttitle = {{{IceTop}}},
  author = {IceCube Collaboration and Abbasi, R. and Abdou, Y. and Ackermann, M. and Adams, J. and Aguilar, J. A. and Ahlers, M. and Altmann, D. and Andeen, K. and Auffenberg, J. and Bai, X. and Baker, M. and Barwick, S. W. and Baum, V. and Bay, R. and Beattie, K. and Beatty, J. J. and Bechet, S. and Tjus, J. Becker and Becker, K.-H. and Bell, M. and Benabderrahmane, M. L. and BenZvi, S. and Berdermann, J. and Berghaus, P. and Berley, D. and Bernardini, E. and Bertrand, D. and Besson, D. Z. and Bindig, D. and Bissok, M. and Blaufuss, E. and Blumenthal, J. and Boersma, D. J. and Bohm, C. and Bose, D. and Böser, S. and Botner, O. and Brayeur, L. and Brown, A. M. and Bruijn, R. and Brunner, J. and Buitink, S. and Caballero-Mora, K. S. and Carson, M. and Casey, J. and Casier, M. and Chirkin, D. and Christy, B. and Clevermann, F. and Cohen, S. and Cowen, D. F. and Silva, A. H. Cruz and Danninger, M. and Daughhetee, J. and Davis, J. C. and De Clercq, C. and Descamps, F. and Desiati, P. and family=Vries-Uiterweerd, given=G., prefix=de, useprefix=true and DeYoung, T. and Díaz-Vélez, J. C. and Dreyer, J. and Dumm, J. P. and Dunkman, M. and Eagan, R. and Eisch, J. and Elliott, C. and Ellsworth, R. W. and Engdegård, O. and Euler, S. and Evenson, P. A. and Fadiran, O. and Fazely, A. R. and Fedynitch, A. and Feintzeig, J. and Feusels, T. and Filimonov, K. and Finley, C. and Fischer-Wasels, T. and Flis, S. and Franckowiak, A. and Franke, R. and Frantzen, K. and Fuchs, T. and Gaisser, T. K. and Gallagher, J. and Gerhardt, L. and Gladstone, L. and Glüsenkamp, T. and Goldschmidt, A. and Goodman, J. A. and Góra, D. and Grant, D. and Groß, A. and Grullon, S. and Gurtner, M. and Ha, C. and Ismail, A. Haj and Hallgren, A. and Halzen, F. and Hanson, K. and Heereman, D. and Heimann, P. and Heinen, D. and Helbing, K. and Hellauer, R. and Hickford, S. and Hill, G. C. and Hoffman, K. D. and Hoffmann, R. and Homeier, A. and Hoshina, K. and Huelsnitz, W. and Hulth, P. O. and Hultqvist, K. and Hussain, S. and Ishihara, A. and Jacobi, E. and Jacobsen, J. and Japaridze, G. S. and Jlelati, O. and Johansson, H. and Kappes, A. and Karg, T. and Karle, A. and Kiryluk, J. and Kislat, F. and Kläs, J. and Klein, S. R. and Klepser, S. and Köhne, J.-H. and Kohnen, G. and Kolanoski, H. and Köpke, L. and Kopper, C. and Kopper, S. and Koskinen, D. J. and Kowalski, M. and Krasberg, M. and Kroll, G. and Kunnen, J. and Kurahashi, N. and Kuwabara, T. and Labare, M. and Laihem, K. and Landsman, H. and Larson, M. J. and Lauer, R. and Lesiak-Bzdak, M. and Lünemann, J. and Madsen, J. and Maruyama, R. and Mase, K. and Matis, H. S. and McDermott, A. and McNally, F. and Meagher, K. and Merck, M. and Mészáros, P. and Meures, T. and Miarecki, S. and Middell, E. and Milke, N. and Miller, J. and Mohrmann, L. and Montaruli, T. and Morse, R. and Movit, S. M. and Nahnhauer, R. and Naumann, U. and Nießen, P. and Nowicki, S. C. and Nygren, D. R. and Obertacke, A. and Odrowski, S. and Olivas, A. and Olivo, M. and O'Murchadha, A. and Panknin, S. and Paul, L. and Pepper, J. A. and family=Heros, given=C. Pérez, prefix=de los, useprefix=false and Pieloth, D. and Pirk, N. and Posselt, J. and Price, P. B. and Przybylski, G. T. and Rädel, L. and Rawlins, K. and Redl, P. and Resconi, E. and Rhode, W. and Ribordy, M. and Richman, M. and Riedel, B. and Rodrigues, J. P. and Roth, J. and Rothmaier, F. and Rott, C. and Roucelle, C. and Ruhe, T. and Rutledge, D. and Ruzybayev, B. and Ryckbosch, D. and Saba, S. M. and Salameh, T. and Sander, H.-G. and Santander, M. and Sarkar, S. and Schatto, K. and Scheel, M. and Scheriau, F. and Schmidt, T. and Schmitz, M. and Schoenen, S. and Schöneberg, S. and Schönherr, L. and Schönwald, A. and Schukraft, A. and Schulte, L. and Schulz, O. and Seckel, D. and Seo, S. H. and Sestayo, Y. and Seunarine, S. and Shulman, L. and Smith, M. W. E. and Soiron, M. and Soldin, D. and Spiczak, G. M. and Spiering, C. and Stamatikos, M. and Stanev, T. and Stasik, A. and Stezelberger, T. and Stokstad, R. G. and Stößl, A. and Stoyanov, S. and Strahler, E. A. and Ström, R. and Sulanke, K.-H. and Sullivan, G. W. and Taavola, H. and Taboada, I. and Tamburro, A. and Ter-Antonyan, S. and Tilav, S. and Toale, P. A. and Toscano, S. and Usner, M. and family=Drift, given=D., prefix=van der, useprefix=true and family=Eijndhoven, given=N., prefix=van, useprefix=true and Van Overloop, A. and family=Santen, given=J., prefix=van, useprefix=true and Vehring, M. and Voge, M. and Walck, C. and Waldenmaier, T. and Wallraff, M. and Walter, M. and Wasserman, R. and Weaver, Ch and Wendt, C. and Westerhoff, S. and Whitehorn, N. and Wiebe, K. and Wiebusch, C. H. and Williams, D. R. and Wissing, H. and Wolf, M. and Wood, T. R. and Woschnagg, K. and Xu, C. and Xu, D. L. and Xu, X. W. and Yanez, J. P. and Yodh, G. and Yoshida, S. and Zarzhitsky, P. and Ziemann, J. and Zilles, A. and Zoll, M.},
  date = {2013-02},
  journaltitle = {Nuclear Instruments and Methods in Physics Research Section A: Accelerators, Spectrometers, Detectors and Associated Equipment},
  volume = {700},
  eprint = {1207.6326},
  eprinttype = {arxiv},
  eprintclass = {astro-ph},
  pages = {188--220},
  issn = {01689002},
  doi = {10.1016/j.nima.2012.10.067},
  url = {http://arxiv.org/abs/1207.6326},
  abstract = {IceTop, the surface component of the IceCube Neutrino Observatory at the South Pole, is an air shower array with an area of 1 km2. The detector allows a detailed exploration of the mass composition of primary cosmic rays in the energy range from about 100 TeV to 1 EeV by exploiting the correlation between the shower energy measured in IceTop and the energy deposited by muons in the deep ice. In this paper we report on the technical design, construction and installation, the trigger and data acquisition systems as well as the software framework for calibration, reconstruction and simulation. Finally the first experience from commissioning and operating the detector and the performance as an air shower detector will be discussed.},
  keywords = {Astrophysics - Instrumentation and Methods for Astrophysics},
  file = {/Users/eric/Zotero/storage/UMDC95KN/IceCube Collaboration et al_2013_IceTop.pdf;/Users/eric/Zotero/storage/YWLQHE6J/1207.html}
}

@online{IceCubeQuickFacts,
  title = {{{IceCube Quick Facts}}},
  url = {https://icecube.wisc.edu/about-us/facts/},
  abstract = {Science About 100 trillion neutrinos pass through your body each second. You would have to wait about 100 years for a neutrino to interact in a detector the size of a person. For the energy range that IceCube looks at, it would take 100,000 years to see a neutrino interact. IceCube is designed to detect ...},
  langid = {american},
  organization = {{IceCube}},
  file = {/Users/eric/Zotero/storage/ZU8NWXGS/facts.html}
}

@online{king-klempererHelpIceCubeDecode2023,
  title = {Help {{IceCube}} Decode Signals from Outer Space},
  author = {King-Klemperer, Alisa},
  date = {2023-03-14},
  url = {https://icecube.wisc.edu/news/2023/03/help-icecube-decode-signals-from-outer-space/},
  abstract = {Every second, about 100 trillion neutrinos pass through your body unnoticed. At the South Pole, the IceCube Neutrino Observatory detects these elusive particles and works to identify their astronomical origins to help unlock mysteries of the universe. Such an undertaking requires a massive amount of data, with one terabyte of data recorded daily by IceCube.},
  langid = {american},
  organization = {{IceCube}},
  file = {/Users/eric/Zotero/storage/4YDCZ5NZ/help-icecube-decode-signals-from-outer-space.html}
}

@article{theicecubecollaborationDesignPerformanceIceCube2012,
  title = {The {{Design}} and {{Performance}} of {{IceCube DeepCore}}},
  author = {The IceCube Collaboration},
  date = {2012-05},
  journaltitle = {Astroparticle Physics},
  volume = {35},
  number = {10},
  eprint = {1109.6096},
  eprinttype = {arxiv},
  eprintclass = {astro-ph, physics:hep-ex, physics:physics},
  pages = {615--624},
  issn = {09276505},
  doi = {10.1016/j.astropartphys.2012.01.004},
  url = {http://arxiv.org/abs/1109.6096},
  abstract = {The IceCube neutrino observatory in operation at the South Pole, Antarctica, comprises three distinct components: a large buried array for ultrahigh energy neutrino detection, a surface air shower array, and a new buried component called DeepCore. DeepCore was designed to lower the IceCube neutrino energy threshold by over an order of magnitude, to energies as low as about 10 GeV. DeepCore is situated primarily 2100 m below the surface of the icecap at the South Pole, at the bottom center of the existing IceCube array, and began taking physics data in May 2010. Its location takes advantage of the exceptionally clear ice at those depths and allows it to use the surrounding IceCube detector as a highly efficient active veto against the principal background of downward-going muons produced in cosmic-ray air showers. DeepCore has a module density roughly five times higher than that of the standard IceCube array, and uses photomultiplier tubes with a new photocathode featuring a quantum efficiency about 35\% higher than standard IceCube PMTs. Taken together, these features of DeepCore will increase IceCube's sensitivity to neutrinos from WIMP dark matter annihilations, atmospheric neutrino oscillations, galactic supernova neutrinos, and point sources of neutrinos in the northern and southern skies. In this paper we describe the design and initial performance of DeepCore.},
  keywords = {Astrophysics - Cosmology and Nongalactic Astrophysics,Astrophysics - Instrumentation and Methods for Astrophysics,High Energy Physics - Experiment,Physics - Instrumentation and Detectors},
  file = {/Users/eric/Zotero/storage/9N9TC457/The IceCube Collaboration_2012_The Design and Performance of IceCube DeepCore.pdf;/Users/eric/Zotero/storage/9FDBA7Q2/1109.html}
}
