@misc{feigenbaumUniversalityComplexDiscrete,
  title = {Universality in {{Complex Discrete Dynamics}}},
  author = {Feigenbaum, Mitchell J},
  url = {https://chaosbook.org/extras/mjf/LA-6816-PR.pdf},
  file = {/Users/eric/Zotero/storage/S2DYJLIK/LA-6816-PR.pdf}
}

@misc{NonlinearDynamicsChaos,
  title = {Nonlinear {{Dynamics}} and {{Chaos}} ({{NLD}})}
}

@book{strogatzNonlinearDynamicsChaos1999,
  title = {Nonlinear Dynamics and Chaos: With Applications to Physics, Biology, Chemistry, and Engineering},
  shorttitle = {Nonlinear Dynamics and Chaos},
  author = {Strogatz, Steven},
  date = {1999},
  series = {Studies in Nonlinearity},
  edition = {10. pr},
  publisher = {Perseus Books},
  location = {Reading, Mass.},
  isbn = {978-0-201-54344-5},
  langid = {english},
  pagetotal = {498},
  file = {/Users/eric/Zotero/storage/NBLLG8HG/Strogatz - 1999 - Nonlinear dynamics and chaos with applications to.pdf}
}
