
@article{aharmim,
	author = {Aharmim et al.},
	date-added = {2023-04-19 10:43:49 -0700},
	date-modified = {2023-04-19 10:45:58 -0700},
	journal = {Physical Review C 50th Anniversay Milestones},
	title = {Combined analysis of all the phases of solar neutrino data from the Sudbury Neutrino Observatory},
	year = {2013}}

@electronic{vu-sno,
	author = {Vu, Linda},
	date-added = {2023-04-19 10:47:49 -0700},
	date-modified = {2023-04-19 10:49:24 -0700},
	month = {February},
	title = {Historic Sudbury Neutrino Observatory Data, Carried by ESnet, Lives on at NERSC},
	url = {https://cs.lbl.gov/news-media/news/news-archive/2010/historic-sudbury-neutrino-observatory-data-carried-by-esnet-lives-on-at-nersc/},
	year = {2010}}

@electronic{sno-web,
	date-added = {2023-04-19 10:46:09 -0700},
	date-modified = {2023-04-19 10:47:35 -0700},
	month = {April},
	title = {The Sudbury Neutrino Observatory},
	url = {https://astro-canada.ca/l_observatoire_de_neutrinos_de_sudbury-the_sudbury_neutrino_observatory-eng},
	year = {2023}}

@misc{kayser,
	author = {Kayser, Boris},
	date-added = {2023-04-19 10:50:05 -0700},
	date-modified = {2023-04-19 10:51:09 -0700},
	month = {August},
	title = {Neutrino Physics},
	year = {2013}}


@article{nick-sno,
	author = {Jelly et al.},
	date-added = {2023-04-19 11:23:02 -0700},
	date-modified = {2023-04-19 11:25:05 -0700},
	journal = {Advance},
	month = {November},
	title = {The Sudbury Neutrino Observatory},
	year = {2009}}
